%% This BibTeX bibliography file was created using BibDesk.
%% http://bibdesk.sourceforge.net/


%% Created for Ren√© Mellema at 2015-09-16 12:35:06 +0200 


%% Saved with string encoding Unicode (UTF-8) 



@article{selforg,
	Author = {F. Ducatelle and G. A. Di Caro and C. Pinciroli and L. M. Gambardella},
	Date-Added = {2015-09-16 10:33:24 +0000},
	Date-Modified = {2015-09-16 10:35:06 +0000},
	Journal = {Swarm Intelligence},
	Pages = {73-96},
	Title = {Self-organized cooperation between robotic swarms},
	Volume = {5},
	Year = {2011}}

@article{intframe,
	Author = {R. Vidoni and F. Garc\'ia-S\'anchez and A. Gasparetto and R. Mart\'inez-B\'ejar},
	Date-Added = {2015-09-16 10:30:39 +0000},
	Date-Modified = {2015-09-16 10:33:18 +0000},
	Journal = {Expert Systems with Applications},
	Pages = {7430-7439},
	Title = {An intelligent framework to manage robotic autonomous agents},
	Volume = {38},
	Year = {2011}}
